<?xml version="1.0" encoding="UTF-8"?><collection xmlns="http://www.loc.gov/MARC21/slim"><record><leader>00618nam--2200193-i-4500</leader><controlfield tag="001">000017146</controlfield><controlfield tag="002">20161230</controlfield><controlfield tag="005">20161230201032</controlfield><controlfield tag="008">060222s1000------------r-----000-0-eng-d</controlfield><datafield ind1=" " ind2=" " tag="020"><subfield code="a">9971966123</subfield></datafield><datafield ind1=" " ind2=" " tag="040"><subfield code="a">IFIN-HH</subfield></datafield><datafield ind1=" " ind2=" " tag="080"><subfield code="a">539.12.01(061.3)</subfield></datafield><datafield ind1="1" ind2=" " tag="100"><subfield code="a">Galic, H</subfield></datafield><datafield ind1="1" ind2="0" tag="245"><subfield code="a">Phenomenology of unified theories - from stand ard model to supersymmetry - dubrovnik, croatia, yugoslavia, may 22-28, 1983</subfield><subfield code="c">H. galic, b. guberina, d. tadic (eds.)</subfield></datafield><datafield ind1=" " ind2=" " tag="260"><subfield code="a">Singapore</subfield><subfield code="b">World Scientific Publishing</subfield><subfield code="c">1984</subfield></datafield><datafield ind1=" " ind2=" " tag="300"><subfield code="a">358 P</subfield></datafield><datafield ind1="1" ind2=" " tag="700"><subfield code="a">Tadic, D</subfield><subfield code="e">Ed</subfield></datafield><datafield ind1=" " ind2=" " tag="852"><subfield code="a">80112</subfield><subfield code="c">539.12</subfield></datafield><datafield ind1=" " ind2=" " tag="CAT"><subfield code="a">Sys</subfield><subfield code="c">20120202</subfield><subfield code="h">100628</subfield></datafield></record></collection>